<?xml version="1.0" encoding="UTF-8"?><record xmlns="http://www.loc.gov/MARC21/slim" xmlns:cinclude="http://apache.org/cocoon/include/1.0" xmlns:zs="http://www.loc.gov/zing/srw/">
  <leader>00552nz  a2200157n  4500</leader>
  <controlfield tag="001">n  86068914 </controlfield>
  <controlfield tag="003">DLC</controlfield>
  <controlfield tag="005">19860718141918.1</controlfield>
  <controlfield tag="008">860701n| acannaab|          |a aaa |||  </controlfield>
  <datafield tag="010" ind1=" " ind2=" ">
    <subfield code="a">n  86068914 </subfield>
  </datafield>
  <datafield tag="040" ind1=" " ind2=" ">
    <subfield code="a">DLC</subfield>
    <subfield code="c">DLC</subfield>
    <subfield code="d">DLC</subfield>
  </datafield>
  <datafield tag="100" ind1="1" ind2="0">
    <subfield code="a">Barcikowska, W.</subfield>
    <subfield code="q">(Wanda)</subfield>
  </datafield>
  <datafield tag="400" ind1="1" ind2="0">
    <subfield code="a">Barcikowska, Wanda</subfield>
  </datafield>
  <datafield tag="400" ind1="1" ind2="0">
    <subfield code="a">Barcikowski, W.</subfield>
    <subfield code="q">(Wanda)</subfield>
  </datafield>
  <datafield tag="670" ind1=" " ind2=" ">
    <subfield code="a">KsztaĹcenie dorosĹych a potrzeby gospodarki i kultury, 1979:</subfield>
    <subfield code="b">verso t.p. (W. Barcikowski, i.e., Barcikowska) p. 45 (Wanda Barcikowska)</subfield>
  </datafield>
  <datafield tag="670" ind1=" " ind2=" ">
    <subfield code="a">Prz. bibl. 79-1631</subfield>
    <subfield code="b">(Wanda Barcikowski, i.e. Barcikowska)</subfield>
  </datafield>
</record>